
@misc{AustcitrRStudioAddin2018,
  title = {Citr: {{RStudio Addin}} to {{Insert Markdown Citations}}},
  shorttitle = {Citr},
  author = {Aust, Frederik},
  month = mar,
  year = {2018},
  keywords = {bib,bibliographies,insert-markdown-citations,rstudio-addin},
  file = {C:\\Users\\steph\\Zotero\\storage\\BTGLJKB2\\citr.html}
}

@article{StegmannNonlinearMixedEffectsModeling2018,
  title = {Nonlinear {{Mixed}}-{{Effects Modeling Programs}} in {{R}}},
  volume = {25},
  issn = {1070-5511, 1532-8007},
  doi = {10.1080/10705511.2017.1396187},
  abstract = {In this software review, we provide a brief overview of four R functions to estimate
nonlinear mixed-effects programs: nlme (linear and nonlinear mixed-effects model), nlmer
(from the lme4 package, linear mixed-effects models using Eigen and S4), saemix (stochastic
approximation expectation maximization), and brms (Bayesian regression models
using Stan). We briefly describe the approaches used, provide a sample code, and highlight
strengths and weaknesses of each.},
  language = {en},
  number = {1},
  journal = {Structural Equation Modeling: A Multidisciplinary Journal},
  author = {Stegmann, Gabriela and Jacobucci, Ross and Harring, Jeffrey R. and Grimm, Kevin J.},
  month = jan,
  year = {2018},
  pages = {160--165},
  file = {C:\\Users\\steph\\Zotero\\storage\\I5E4A3V4\\Stegmann et al. - 2018 - Nonlinear Mixed-Effects Modeling Programs in R.pdf}
}

@book{PinheiroMixedEffectModelsSplus,
  title = {Mixed-{{Effect Models}} in {{S}} and {{S}}-plus.Pdf},
  publisher = {{Springer}},
  author = {Pinheiro, Jos{\'e} and Bastes, Douglas},
  file = {C:\\Users\\steph\\Zotero\\storage\\KPAJTDNK\\Mixed-Effect Models in S and S-plus.pdf}
}

@article{DavidianNonlinearmodelsrepeated2003,
  title = {Nonlinear Models for Repeated Measurement Data: {{An}} Overview and Update},
  volume = {8},
  issn = {1085-7117, 1537-2693},
  shorttitle = {Nonlinear Models for Repeated Measurement Data},
  doi = {10.1198/1085711032697},
  language = {en},
  number = {4},
  journal = {Journal of Agricultural, Biological, and Environmental Statistics},
  author = {Davidian, Marie and Giltinan, David M.},
  month = dec,
  year = {2003},
  pages = {387--419},
  file = {C:\\Users\\steph\\Zotero\\storage\\7TBB9NVP\\Davidian and Giltinan - 2003 - Nonlinear models for repeated measurement data An.pdf}
}